@article{2020SciPy-NMeth,
  author  = {Virtanen, Pauli and Gommers, Ralf and Oliphant, Travis E. and
             Haberland, Matt and Reddy, Tyler and Cournapeau, David and
             Burovski, Evgeni and Peterson, Pearu and Weckesser, Warren and
             Bright, Jonathan and {van der Walt}, St{\'e}fan J. and
             Brett, Matthew and Wilson, Joshua and Millman, K. Jarrod and
             Mayorov, Nikolay and Nelson, Andrew R. J. and Jones, Eric and
             Kern, Robert and Larson, Eric and Carey, C J and
             Polat, {\.I}lhan and Feng, Yu and Moore, Eric W. and
             {VanderPlas}, Jake and Laxalde, Denis and Perktold, Josef and
             Cimrman, Robert and Henriksen, Ian and Quintero, E. A. and
             Harris, Charles R. and Archibald, Anne M. and
             Ribeiro, Ant{\^o}nio H. and Pedregosa, Fabian and
             {van Mulbregt}, Paul and {SciPy 1.0 Contributors}},
  title   = {{{SciPy} 1.0: Fundamental Algorithms for Scientific
             Computing in Python}},
  journal = {Nature Methods},
  year    = {2020},
  volume  = {17},
  pages   = {261--272},
  adsurl  = {https://rdcu.be/b08Wh},
  doi     = {10.1038/s41592-019-0686-2}
}

@book{book:1487513,
  title     = {Spacecraft Dynamics and Control: an Introduction},
  author    = {Damaren, Christopher and De Ruiter, Anton H. J. and Forbes, James R},
  publisher = {Wiley},
  isbn      = {9781118403303},
  year      = {2013},
  series    = {},
  edition   = {1},
  volume    = {}
}

@book{book:692101,
  title     = {Interplanetary Mission Analysis and Design},
  author    = {Mr Stephen Kemble (auth.)},
  publisher = {Springer-Verlag Berlin Heidelberg},
  isbn      = {9783540299134},
  year      = {2006},
  series    = {Springer Praxis Books - Astronautical Engineering},
  edition   = {1},
  volume    = {},
  url       = {http://gen.lib.rus.ec/book/index.php?md5=be6196a986286e7f9cb2c913f6c9af9c}
}

% PAPERS

@book{brent2013algorithms,
  title     = {Algorithms for Minimization Without Derivatives},
  author    = {Brent, Richard P},
  year      = {2013},
  publisher = {Courier Corporation}
}

@article{choi2015structural,
  title     = {Structural Dynamics and Attitude Control of a Solar Sail Using Tip Vanes},
  author    = {Choi, Mirue and Damaren, Christopher J},
  journal   = {Journal of Spacecraft and Rockets},
  volume    = {52},
  number    = {6},
  pages     = {1665--1679},
  year      = {2015},
  publisher = {American Institute of Aeronautics and Astronautics}
}

@article{coverstone2003technique,
  title   = {Technique for Escape from Geosynchronous Transfer Orbit Using a Solar Sail},
  author  = {Coverstone, Victoria L and Prussing, John E},
  journal = {Journal of Guidance, Control, and Dynamics},
  volume  = {26},
  number  = {4},
  pages   = {628--634},
  year    = {2003}
}

@misc{curtis2014orbital,
  title     = {Orbital Mechanics for Students},
  author    = {Curtis, HD},
  year      = {2014},
  publisher = {Butterworth-Heinemann, Boston}
}

@article{dearing2022efficient,
  title     = {Efficient trajectory optimization for constrained spacecraft attitude maneuvers},
  author    = {Dearing, Thomas L and Hauser, John and Chen, Xudong and Nicotra, Marco M and Petersen, Christopher},
  journal   = {Journal of Guidance, Control, and Dynamics},
  volume    = {45},
  number    = {4},
  pages     = {638--650},
  year      = {2022},
  publisher = {American Institute of Aeronautics and Astronautics}
}

@article{fahroo2002direct,
  title   = {Direct Trajectory Optimization by a Chebyshev Pseudospectral Method},
  author  = {Fahroo, Fariba and Ross, I Michael},
  journal = {Journal of Guidance, Control, and Dynamics},
  volume  = {25},
  number  = {1},
  pages   = {160--166},
  year    = {2002}
}

@article{felicetti2016attitude,
  title     = {Attitude Stability and Altitude Control of a Variable-geometry Earth-orbiting Solar Sail},
  author    = {Felicetti, Leonard and Ceriotti, Matteo and Harkness, Patrick},
  journal   = {Journal of Guidance, Control, and Dynamics},
  volume    = {39},
  number    = {9},
  pages     = {2112--2126},
  year      = {2016},
  publisher = {American Institute of Aeronautics and Astronautics}
}

@article{fieseler1998method,
  title     = {A Method for Solar Sailing in a Low Earth Orbit},
  author    = {Fieseler, Paul D},
  journal   = {Acta Astronautica},
  volume    = {43},
  number    = {9-10},
  pages     = {531--541},
  year      = {1998},
  publisher = {Elsevier}
}

@misc{gooding_universal_elements,
  title = {Gooding Universal Elements},
  url   = {https://degenerateconic.com/gooding-universal-elements.html},
  year  = {2021}
}

@article{hughes2006sample,
  title   = {Sample Return from Mercury and Other Terrestrial Planets Using Solar Sail Propulsion},
  author  = {Hughes, Gareth W and Macdonald, Malcolm and McInnes, Colin R and Atzei, Alessandro and Falkner, Peter},
  journal = {Journal of spacecraft and rockets},
  volume  = {43},
  number  = {4},
  pages   = {828--835},
  year    = {2006}
}

@article{ilgen1994low,
  title   = {Low Thrust OTV Guidance Using Liapunov Optimal Feedback Control Techniques},
  author  = {Ilgen, Marc R},
  journal = {Astrodynamics 1993},
  pages   = {1527--1545},
  year    = {1994}
}

@article{johnson2011status,
  title     = {Status of Solar Sail Technology Within NASA},
  author    = {Johnson, Les and Young, Roy and Montgomery, Edward and Alhorn, Dean},
  journal   = {Advances in Space Research},
  volume    = {48},
  number    = {11},
  pages     = {1687--1694},
  year      = {2011},
  publisher = {Elsevier}
}

@article{kelly2015transcription,
  title   = {Transcription Methods for Trajectory Optimization},
  author  = {Kelly, Matthew P},
  journal = {Tutorial, Cornell University, Feb},
  pages   = {21},
  year    = {2015}
}

@inproceedings{lappas2011deorbitsail,
  title        = {DEORBITSAIL: De-orbiting of Satellites Using Solar Sails},
  author       = {Lappas, V and Pellegrino, S and Guenat, H and Straubel, M and Steyn, H and Kostopoulos, V and Sarris, E and Takinalp, O and Wokes, S and Bonnema, A},
  booktitle    = {2011 2nd International Conference on Space Technology},
  pages        = {1--3},
  year         = {2011},
  organization = {IEEE}
}

@article{lev2019technological,
  title     = {The Technological and Commercial Expansion of Electric Propulsion},
  author    = {Lev, Dan and Myers, Roger M and Lemmer, Kristina M and Kolbeck, Jonathan and Koizumi, Hiroyuki and Polzin, Kurt},
  journal   = {Acta Astronautica},
  volume    = {159},
  pages     = {213--227},
  year      = {2019},
  publisher = {Elsevier}
}

@article{macdonald2005analytical,
  title   = {Analytical Control Laws for Planet-centered Solar Sailing},
  author  = {Macdonald, Malcolm and McInnes, Colin R},
  journal = {Journal of Guidance, Control, and Dynamics},
  volume  = {28},
  number  = {5},
  pages   = {1038--1048},
  year    = {2005}
}

@book{mcinnes,
  title     = {Solar Sailing: Technology, Dynamics and Mission Applications},
  author    = {McInnes, Colin R},
  year      = {2004},
  publisher = {Springer Science \& Business Media}
}

@article{mei2020hybrid,
  title     = {Hybrid removal of end-of-life geosynchronous satellites using solar radiation pressure and impulsive thrusts},
  author    = {Mei, Hao and Damaren, Christopher J and Zhan, Xingqun},
  journal   = {Advances in Space Research},
  volume    = {66},
  number    = {4},
  pages     = {974--991},
  year      = {2020},
  publisher = {Elsevier}
}

@article{morante2021survey,
  title     = {A Survey on Low-thrust Trajectory Optimization Approaches},
  author    = {Morante, David and Sanjurjo Rivo, Manuel and Soler, Manuel},
  journal   = {Aerospace},
  volume    = {8},
  number    = {3},
  pages     = {88},
  year      = {2021},
  publisher = {MDPI}
}

@article{mori2010first,
  title     = {First Solar Power Sail Demonstration by IKAROS},
  author    = {Mori, Osamu and Sawada, Hirotaka and Funase, Ryu and Morimoto, Mutsuko and Endo, Tatsuya and Yamamoto, Takayuki and Tsuda, Yuichi and Kawakatsu, Yasuhiro and Kawaguchi, Jun'ichiro and Miyazaki, Yasuyuki and others},
  journal   = {Transactions of the Japan Society for Aeronautical and Space Sciences, Aerospace Technology Japan},
  volume    = {8},
  number    = {ists27},
  pages     = {425--431},
  year      = {2010},
  publisher = {the Japan society for aeronautical and space sciences}
}

@phdthesis{naasz2002classical,
  title  = {Classical Element Feedback Control for Spacecraft Orbital Maneuvers},
  author = {Naasz, Bo James},
  year   = {2002},
  school = {Virginia Tech},
  url    = {http://hdl.handle.net/10919/33354}
}

@article{narayanaswamy2020comparison,
  title     = {Comparison of the Legendre--Gauss Pseudospectral and Hermite--Legendre--Gauss--Lobatto Methods for Low-thrust Spacecraft Trajectory Optimization},
  author    = {Narayanaswamy, Sanjeev and Damaren, Christopher J},
  journal   = {Aerospace Systems},
  volume    = {3},
  number    = {1},
  pages     = {53--70},
  year      = {2020},
  publisher = {Springer}
}

@misc{nasa_mpg_moe,
  title     = {Modified Equinoctial Orbital Elements},
  author    = {NASA Service Preparation Subsystem (SPS) and Mission Planning Group (MPG)},
  year      = {2006},
  url       = {https://spsweb.fltops.jpl.nasa.gov/portaldataops/mpg/MPG_Docs/Source%20Docs/EquinoctalElements-modified.pdf},
  publisher = {NASA}
}

@article{oguri2023solar,
  title     = {Solar Sailing Q-law for Planetocentric, Many-revolution Sail Orbit Transfers},
  author    = {Oguri, Kenshiro and Lantoine, Gregory and Petropoulos, Anastassios E and McMahon, Jay W},
  journal   = {Journal of Guidance, Control, and Dynamics},
  pages     = {1--10},
  year      = {2023},
  publisher = {American Institute of Aeronautics and Astronautics}
}

@inproceedings{petropoulos2004low,
  title     = {Low-thrust Orbit Transfers Using Candidate Lyapunov Functions with a Mechanism for Coasting},
  author    = {Petropoulos, Anastassios},
  booktitle = {AIAA/AAS Astrodynamics Specialist Conference and Exhibit},
  pages     = {5089},
  year      = {2004}
}

@inproceedings{polyakhova2018solar,
  title        = {The Solar Sail: Current State of the Problem},
  author       = {Polyakhova, Elena and Korolev, Vladimir},
  booktitle    = {AIP Conference Proceedings},
  volume       = {1959},
  number       = {1},
  year         = {2018},
  organization = {AIP Publishing}
}

@article{rios2005generalized,
  title   = {Generalized Model for Solar Sails},
  author  = {Rios-Reyes, Leonel and Scheeres, Daniel J},
  journal = {Journal of Spacecraft and Rockets},
  volume  = {42},
  number  = {1},
  pages   = {182--185},
  year    = {2005}
}

@techreport{sackett1977optimal,
  title  = {Optimal Solar Sail Planetocentric Trajectories},
  author = {Sackett, Lester L},
  year   = {1977}
}

@inproceedings{sakamoto2006effect,
  title     = {Effect of Static and Dynamic Solar Sail Deformation on Center of Pressure and Thrust Forces},
  author    = {Sakamoto, Hiraku and Park, KC and Miyazaki, Yasuyuki},
  booktitle = {AIAA Guidance, Navigation, and Control Conference and Exhibit},
  pages     = {6184},
  year      = {2006}
}

@article{sanjeev2023,
  title     = {Equinoctial Lyapunov Control Law for Low-thrust Rendezvous},
  volume    = {46},
  doi       = {10.2514/1.g006662},
  number    = {4},
  journal   = {Journal of Guidance, Control, and Dynamics},
  publisher = {American Institute of Aeronautics and Astronautics (AIAA)},
  author    = {Narayanaswamy, Sanjeev and Damaren, Christopher J.},
  year      = {2023},
  month     = {04},
  pages     = {781–795},
  language  = {en}
}

% OTHER SOURCES

@article{sims1997preliminary,
  title  = {Preliminary Design of Low-thrust Interplanetary Missions},
  author = {Sims, Jon A and Flanagan, Steve N},
  year   = {1997}
}

@article{spencer2021lightsail,
  title     = {The Lightsail 2 Solar Sailing Technology Demonstration},
  author    = {Spencer, David A and Betts, Bruce and Bellardo, John M and Diaz, Alex and Plante, Barbara and Mansell, Justin R},
  journal   = {Advances in Space Research},
  volume    = {67},
  number    = {9},
  pages     = {2878--2889},
  year      = {2021},
  publisher = {Elsevier}
}

@article{tsuda2013achievement,
  title     = {Achievement of Ikaros—japanese Deep Space Solar Sail Demonstration Mission},
  author    = {Tsuda, Yuichi and Mori, Osamu and Funase, Ryu and Sawada, Hirotaka and Yamamoto, Takayuki and Saiki, Takanao and Endo, Tatsuya and Yonekura, Katsuhide and Hoshino, Hirokazu and Kawaguchi, Jun'ichiro},
  journal   = {Acta Astronautica},
  volume    = {82},
  number    = {2},
  pages     = {183--188},
  year      = {2013},
  publisher = {Elsevier}
}

@article{tsuda2013generalized,
  title     = {Generalized Attitude Model for Spinning Solar Sail Spacecraft},
  author    = {Tsuda, Yuichi and Saiki, Takanao and Funase, Ryu and Mimasu, Yuya},
  journal   = {Journal of Guidance, Control, and Dynamics},
  volume    = {36},
  number    = {4},
  pages     = {967--974},
  year      = {2013},
  publisher = {American Institute of Aeronautics and Astronautics}
}

@article{vargaperez2016,
  title   = {Many-revolution Low-thrust Orbit
             Transfer Computation Using Equinoctial Q-Law Including J2 and
             Eclipse Effects},
  author  = {G{\'a}bor Varga and Jos{\'e} Manuel S{\'a}nchez P{\'e}rez},
  year    = {2016},
  journal = {Advances in the Astronautical Sciences},
  pages   = {2463-2481},
  volume  = {156}
}


% INTRO-ONLY PAPERS
@article{verner2010numerically,
  title     = {Numerically Optimal Runge--kutta Pairs with Interpolants},
  author    = {Verner, James H},
  journal   = {Numerical Algorithms},
  volume    = {53},
  number    = {2-3},
  pages     = {383--396},
  year      = {2010},
  publisher = {Springer}
}

@article{walker1985set,
  title     = {A Set of Modified Equinoctial Orbit Elements},
  author    = {Walker, Michael JH and Ireland, B and Owens, Joyce},
  journal   = {Celestial mechanics},
  volume    = {36},
  number    = {4},
  pages     = {409--419},
  year      = {1985},
  publisher = {Springer}
}

@article{yam2011low,
  title     = {Low-thrust Trajectory Design as a Constrained Global Optimization Problem},
  author    = {Yam, CH and Lorenzo, DD and Izzo, D},
  journal   = {Proceedings of the Institution of Mechanical Engineers, Part G: Journal of Aerospace Engineering},
  volume    = {225},
  number    = {11},
  pages     = {1243--1251},
  year      = {2011},
  publisher = {SAGE Publications Sage UK: London, England}
}